@article{DBLP:journals/corr/GravesWD14,
  author    = {Alex Graves and
               Greg Wayne and
               Ivo Danihelka},
  title     = {Neural Turing Machines},
  journal   = {CoRR},
  volume    = {abs/1410.5401},
  year      = {2014},
  url       = {http://arxiv.org/abs/1410.5401},
  timestamp = {Wed, 07 Jun 2017 14:42:19 +0200},
  biburl    = {http://dblp.uni-trier.de/rec/bib/journals/corr/GravesWD14},
  bibsource = {dblp computer science bibliography, http://dblp.org}
}

@article{graves2016hybrid,
  title     = {Hybrid computing using a neural network with dynamic external memory},
  author    = {Graves, Alex and
               Wayne, Greg and
               Reynolds, Malcolm and
               Harley, Tim and
               Danihelka, Ivo and
               Grabska-Barwi{\'n}ska, Agnieszka and
               Colmenarejo, Sergio G{\'o}mez and
               Grefenstette, Edward and
               Ramalho, Tiago and
               Agapiou, John and
               others},
  journal   = {Nature},
  volume    = {538},
  number    = {7626},
  pages     = {471--476},
  year      = {2016},
  publisher = {Nature Research}
}
